@article{Collobert2002,
  author    = {Collobert, Ronan and Bengio, Samy},
  title     = {SVMTorch: Support Vector Machines for Large-Scale Regression Problems},
  journal   = {Journal of Machine Learning Research},
  year      = {2002},
  volume    = {1},
  pages     = {143--160},
  url       = {http://www.jmlr.org/papers/volume1/collobert01a/collobert01a.pdf}
}

@article{Tresp2001,
  author    = {Tresp, Volker},
  title     = {Mixtures of Gaussian Processes},
  journal   = {Advances in Neural Information Processing Systems},
  year      = {2001},
  volume    = {13},
  pages     = {654--660},
  url       = {https://proceedings.neurips.cc/paper/2000/file/6a13ef4c9ab9b2d2f5d3cf5c4f1c4f2c-Paper.pdf}
}

@article{Theis2015,
  author    = {Theis, Lucas and Bethge, Matthias},
  title     = {Generative Image Modeling Using Spatial {LSTM}s},
  journal   = {Advances in Neural Information Processing Systems},
  year      = {2015},
  volume    = {28},
  pages     = {1927--1935},
  url       = {https://proceedings.neurips.cc/paper/2015/file/07563a3fe3bbe7e3ba84431ad9d055af-Paper.pdf}
}

@article{Deisenroth2015,
  author    = {Deisenroth, Marc Peter and Ng, Joe},
  title     = {Distributed Gaussian Processes},
  journal   = {Proceedings of the 32nd International Conference on Machine Learning},
  year      = {2015},
  volume    = {37},
  pages     = {1481--1490},
  url       = {http://proceedings.mlr.press/v37/deisenroth15.pdf}
}

@article{Shahbaba2009,
  author    = {Shahbaba, Babak and Neal, Radford M.},
  title     = {Nonlinear Models Using Dirichlet Process Mixtures},
  journal   = {Journal of Machine Learning Research},
  year      = {2009},
  volume    = {10},
  pages     = {1829--1850},
  url       = {http://www.jmlr.org/papers/volume10/shahbaba09a/shahbaba09a.pdf}
}
@inproceedings{de2024integration,
  title={Int{\'e}gration tardive de donn{\'e}es multimodales par mod{\`e}les {\`a} blocs stochastiques},
  author={De Santiago, Kylliann and Szafranski, Marie and Ambroise, Christophe},
  booktitle={55e Journ{\'e}es de Statistique de la SFdS},
  year={2024}
}

@article{paul2020spectral,
  title={Spectral and matrix factorization methods for consistent community detection in multi-layer networks},
  author={Paul, Subhadeep and Chen, Yuguo},
  year={2020}
}

@inproceedings{keribin2012model,
  title={Model selection for the binary latent block model},
  author={Keribin, Christine and Brault, Vincent and Celeux, Gilles and Govaert, G{\'e}rard and others},
  booktitle={Proceedings of COMPSTAT},
  volume={2012},
  year={2012}
}

@article{biernacki2023survey,
  title={A survey on model-based co-clustering: high dimension and estimation challenges},
  author={Biernacki, Christophe and Jacques, Julien and Keribin, Christine},
  journal={Journal of Classification},
  volume={40},
  number={2},
  pages={332--381},
  year={2023},
  publisher={Springer}
}

@inproceedings{robert2015modele,
  title={Un mod{\`e}le statistique pour la pharmacovigilance},
  author={Robert, Val{\'e}rie and Celeux, Gilles and Keribin, Christine},
  booktitle={47emes Journ{\'e}es de Statistique de la SFdS},
  year={2015}
}

@article{marchello2022co,
  title={Co-clustering of evolving count matrices with the dynamic latent block model: application to pharmacovigilance},
  author={Marchello, Giulia and Fresse, Audrey and Corneli, Marco and Bouveyron, Charles},
  journal={Statistics and Computing},
  volume={32},
  number={3},
  pages={41},
  year={2022},
  publisher={Springer}
}

@inproceedings{goffinet2021new,
  title={A New Multivariate Time Series Co-clustering Non-Parametric Model Applied to Driving-Assistance Systems Validation},
  author={Goffinet, Etienne and Lebbah, Mustapha and Azzag, Hanene and Coutant, Anthony and Giraldi, Lo{\"\i}c},
  booktitle={European Conference on Machine Learning and Principles and Practice of Knowledge Discovery in Databases-Workshop on Advanced Analytics and Learning on Temporal Data A modern web site},
  year={2021}
}

@article{bouveyron2018functional,
  title={The functional latent block model for the co-clustering of electricity consumption curves},
  author={Bouveyron, Charles and Bozzi, Laurent and Jacques, Julien and Jollois, Fran{\c{c}}ois-Xavier},
  journal={Journal of the Royal Statistical Society Series C: Applied Statistics},
  volume={67},
  number={4},
  pages={897--915},
  year={2018},
  publisher={Oxford University Press}
}

@article{biernacki2016model,
  title={Model-based clustering of multivariate ordinal data relying on a stochastic binary search algorithm},
  author={Biernacki, Christophe and Jacques, Julien},
  journal={Statistics and Computing},
  volume={26},
  pages={929--943},
  year={2016},
  publisher={Springer}
}

@article{jacques2018model,
  title={Model-based co-clustering for ordinal data},
  author={Jacques, Julien and Biernacki, Christophe},
  journal={Computational Statistics \& Data Analysis},
  volume={123},
  pages={101--115},
  year={2018},
  publisher={Elsevier}
}

@article{singh2019diablo,
  title={DIABLO: an integrative approach for identifying key molecular drivers from multi-omics assays},
  author={Singh, Amrit and Shannon, Casey P and Gautier, Beno{\^\i}t and Rohart, Florian and Vacher, Micha{\"e}l and Tebbutt, Scott J and L{\^e} Cao, Kim-Anh},
  journal={Bioinformatics},
  volume={35},
  number={17},
  pages={3055--3062},
  year={2019},
  publisher={Oxford University Press}
}

@article{sharifi2019moli,
  title={MOLI: multi-omics late integration with deep neural networks for drug response prediction},
  author={Sharifi-Noghabi, Hossein and Zolotareva, Olga and Collins, Colin C and Ester, Martin},
  journal={Bioinformatics},
  volume={35},
  number={14},
  pages={i501--i509},
  year={2019},
  publisher={Oxford University Press}
}

@article{glattke1991otoacoustic,
  title={Otoacoustic emissions},
  author={Glattke, Theodore J and Kujawa, Sharon G},
  journal={American Journal of Audiology},
  volume={1},
  number={1},
  pages={29--40},
  year={1991},
  publisher={ASHA}
}

@misc{ frwiki:217645874,
   author = "Wikipédia",
   title = "Perte d'audition due au bruit --- Wikipédia{,} l'encyclopédie libre",
   year = "2024",
   url = "http://fr.wikipedia.org/w/index.php?title=Perte_d%27audition_due_au_bruit&oldid=217645874",
   note = "[En ligne; Page disponible le 13-août-2024]"
 }

@article{john2020m3c,
  title={M3C: Monte Carlo reference-based consensus clustering},
  author={John, Christopher R and Watson, David and Russ, Dominic and Goldmann, Katriona and Ehrenstein, Michael and Pitzalis, Costantino and Lewis, Myles and Barnes, Michael},
  journal={Scientific reports},
  volume={10},
  number={1},
  pages={1816},
  year={2020},
  publisher={Nature Publishing Group UK London}
}

@article{Nottet2009tsa,
    title = {Traumatismes sonores aigus},
    author = {Nottet, J.-B.  and Moulin,A. and Crambert,A. and Bonete,  D. and Job,  A.},
    journal = {Oto-rhino-laryngologie},
    year = "2009",
    issn = "0246-0351",
    doi = "http://dx.doi.org/10.1016/S0246-0351(09)36157-7",
    url = "http://www.sciencedirect.com/science/article/pii/S0246-0351(09)36157-7"
}


@Manual{mimiSBM,
  title        = {mimiSBM: Mixture of Multilayer Integrator Stochastic Block Models},
  author       = {De Santiago, Kylliann and Szafranski, Marie and Ambroise, Christophe},
  year         = {2024},
  note         = {R package version 0.0.1.3},
  url          = {https://CRAN.R-project.org/package=mimiSBM},
}

@inproceedings{de2023mixture,
  title={Mixture of stochastic block models for multiview clustering},
  author={De Santiago, Kylliann and Szafranski, Marie and Ambroise, Christophe},
  booktitle={ESANN 2023-European Symposium on Artificial Neural Networks, Computational Intelligence and Machine Learning},
  pages={151--156},
  year={2023}
}

@article{de2024mixture,
  title={Mixture of multilayer stochastic block models for multiview clustering},
  author={De Santiago, Kylliann and Szafranski, Marie and Ambroise, Christophe},
  journal={arXiv preprint arXiv:2401.04682},
  year={2024}
}

@article{boutin2023deep,
  title={The Deep Latent Position Topic Model for Clustering and Representation of Networks with Textual Edges},
  author={Boutin, R{\'e}mi and Latouche, Pierre and Bouveyron, Charles},
  journal={arXiv preprint arXiv:2304.08242},
  year={2023}
}

@article{liang2024clustering,
  title={Clustering by deep latent position model with graph convolutional network},
  author={Liang, Dingge and Corneli, Marco and Bouveyron, Charles and Latouche, Pierre},
  journal={Advances in Data Analysis and Classification},
  pages={1--34},
  year={2024},
  publisher={Springer}
}

@article{mariadassou2010uncovering,
  title={Uncovering latent structure in valued graphs: a variational approach},
  author={Mariadassou, Mahendra and Robin, St{\'e}phane and Vacher, Corinne},
  year={2010}
}

@article{mitchell1988bayesian,
  title={Bayesian variable selection in linear regression},
  author={Mitchell, Toby J and Beauchamp, John J},
  journal={Journal of the american statistical association},
  volume={83},
  number={404},
  pages={1023--1032},
  year={1988},
  publisher={Taylor \& Francis}
}

@article{vu2015variational,
  title={Variational algorithms for biclustering models},
  author={Vu, Duy and Aitkin, Murray},
  journal={Computational Statistics \& Data Analysis},
  volume={89},
  pages={12--24},
  year={2015},
  publisher={Elsevier}
}

@article{proust2014joint,
  title={Joint latent class models for longitudinal and time-to-event data: a review},
  author={Proust-Lima, C{\'e}cile and S{\'e}ne, Mb{\'e}ry and Taylor, Jeremy MG and Jacqmin-Gadda, H{\'e}l{\`e}ne},
  journal={Statistical methods in medical research},
  volume={23},
  number={1},
  pages={74--90},
  year={2014},
  publisher={SAGE Publications Sage UK: London, England}
}

@article{vermunt2002latent,
  title={Latent class cluster analysis},
  author={Vermunt, Jeroen K},
  journal={Applied latent class analysis/Cambridge UniversityPress},
  year={2002}
}

@article{desarbo1988maximum,
  title={A maximum likelihood methodology for clusterwise linear regression},
  author={DeSarbo, Wayne S and Cron, William L},
  journal={Journal of classification},
  volume={5},
  pages={249--282},
  year={1988},
  publisher={Springer}
}

@article{spath1979algorithmus,
  title={Algorithmus 39. Klassenweise lineare Regression},
  author={Sp{\"a}th, Helmuth},
  journal={Computing},
  volume={22},
  pages={367--373},
  year={1979},
  publisher={Springer}
}

@article{ismail2022interpretable,
  title={Interpretable mixture of experts},
  author={Ismail, Aya Abdelsalam and Arik, Sercan {\"O} and Yoon, Jinsung and Taly, Ankur and Feizi, Soheil and Pfister, Tomas},
  journal={arXiv preprint arXiv:2206.02107},
  year={2022}
}

@inproceedings{ma2018modeling,
  title={Modeling task relationships in multi-task learning with multi-gate mixture-of-experts},
  author={Ma, Jiaqi and Zhao, Zhe and Yi, Xinyang and Chen, Jilin and Hong, Lichan and Chi, Ed H},
  booktitle={Proceedings of the 24th ACM SIGKDD international conference on knowledge discovery \& data mining},
  pages={1930--1939},
  year={2018}
}

@article{eigen2013learning,
  title={Learning factored representations in a deep mixture of experts},
  author={Eigen, David and Ranzato, Marc'Aurelio and Sutskever, Ilya},
  journal={arXiv preprint arXiv:1312.4314},
  year={2013}
}

@article{shazeer2017outrageously,
  title={Outrageously large neural networks: The sparsely-gated mixture-of-experts layer},
  author={Shazeer, Noam and Mirhoseini, Azalia and Maziarz, Krzysztof and Davis, Andy and Le, Quoc and Hinton, Geoffrey and Dean, Jeff},
  journal={arXiv preprint arXiv:1701.06538},
  year={2017}
}

@article{chamroukhi2019regularized,
  title={Regularized maximum likelihood estimation and feature selection in mixtures-of-experts models},
  author={Chamroukhi, Faicel and Huynh, Bao-Tuyen},
  journal={Journal de la soci{\'e}t{\'e} fran{\c{c}}aise de statistique},
  volume={160},
  number={1},
  pages={57--85},
  year={2019}
}

@article{strehl2002cluster,
  title={Cluster ensembles---a knowledge reuse framework for combining multiple partitions},
  author={Strehl, Alexander and Ghosh, Joydeep},
  journal={Journal of machine learning research},
  volume={3},
  number={Dec},
  pages={583--617},
  year={2002}
}

@article{steinley2004properties,
  title={Properties of the hubert-arable adjusted rand index.},
  author={Steinley, Douglas},
  journal={Psychological methods},
  volume={9},
  number={3},
  pages={386},
  year={2004},
  publisher={American Psychological Association}
}

@phdthesis{lomet2012selection,
  title={S{\'e}lection de mod{\`e}le pour la classification crois{\'e}e de donn{\'e}es continues},
  author={Lomet, Aurore},
  year={2012},
  school={Compi{\`e}gne}
}

@article{jordan1994hierarchical,
  title={Hierarchical mixtures of experts and the EM algorithm},
  author={Jordan, Michael I and Jacobs, Robert A},
  journal={Neural computation},
  volume={6},
  number={2},
  pages={181--214},
  year={1994},
  publisher={MIT Press}
}

@article{puigcerver2023sparse,
  title={From sparse to soft mixtures of experts},
  author={Puigcerver, Joan and Riquelme, Carlos and Mustafa, Basil and Houlsby, Neil},
  journal={arXiv preprint arXiv:2308.00951},
  year={2023}
}

@article{zhou2022mixture,
  title={Mixture-of-experts with expert choice routing},
  author={Zhou, Yanqi and Lei, Tao and Liu, Hanxiao and Du, Nan and Huang, Yanping and Zhao, Vincent and Dai, Andrew M and Le, Quoc V and Laudon, James and others},
  journal={Advances in Neural Information Processing Systems},
  volume={35},
  pages={7103--7114},
  year={2022}
}

@article{tan2023sparse,
  title={Sparse universal transformer},
  author={Tan, Shawn and Shen, Yikang and Chen, Zhenfang and Courville, Aaron and Gan, Chuang},
  journal={arXiv preprint arXiv:2310.07096},
  year={2023}
}

@article{jiang2024mixtral,
  title={Mixtral of experts},
  author={Jiang, Albert Q and Sablayrolles, Alexandre and Roux, Antoine and Mensch, Arthur and Savary, Blanche and Bamford, Chris and Chaplot, Devendra Singh and Casas, Diego de las and Hanna, Emma Bou and Bressand, Florian and others},
  journal={arXiv preprint arXiv:2401.04088},
  year={2024}
}

@article{pan2024dense,
  title={Dense Training, Sparse Inference: Rethinking Training of Mixture-of-Experts Language Models},
  author={Pan, Bowen and Shen, Yikang and Liu, Haokun and Mishra, Mayank and Zhang, Gaoyuan and Oliva, Aude and Raffel, Colin and Panda, Rameswar},
  journal={arXiv preprint arXiv:2404.05567},
  year={2024}
}

@inproceedings{wu2023mole,
  title={Mole: Mixture of lora experts},
  author={Wu, Xun and Huang, Shaohan and Wei, Furu},
  booktitle={The Twelfth International Conference on Learning Representations},
  year={2023}
}

@article{courbariaux2022sparse,
  title={A sparse mixture-of-experts model with screening of genetic associations to guide disease subtyping},
  author={Courbariaux, Marie and De Santiago, Kylliann and Dalmasso, Cyril and Danjou, Fabrice and Bekadar, Samir and Corvol, Jean-Christophe and Martinez, Maria and Szafranski, Marie and Ambroise, Christophe},
  journal={Frontiers in Genetics},
  volume={13},
  pages={859462},
  year={2022},
  publisher={Frontiers Media SA}
}

@article{cai2024survey,
  title={A survey on mixture of experts},
  author={Cai, Weilin and Jiang, Juyong and Wang, Fan and Tang, Jing and Kim, Sunghun and Huang, Jiayi},
  journal={arXiv preprint arXiv:2407.06204},
  year={2024}
}

@article{shen2023mixture,
  title={Mixture-of-experts meets instruction tuning: A winning combination for large language models},
  author={Shen, Sheng and Hou, Le and Zhou, Yanqi and Du, Nan and Longpre, Shayne and Wei, Jason and Chung, Hyung Won and Zoph, Barret and Fedus, William and Chen, Xinyun and others},
  journal={arXiv preprint arXiv:2305.14705},
  year={2023}
}

@inproceedings{clark2022unified,
  title={Unified scaling laws for routed language models},
  author={Clark, Aidan and de Las Casas, Diego and Guy, Aurelia and Mensch, Arthur and Paganini, Michela and Hoffmann, Jordan and Damoc, Bogdan and Hechtman, Blake and Cai, Trevor and Borgeaud, Sebastian and others},
  booktitle={International conference on machine learning},
  pages={4057--4086},
  year={2022},
  organization={PMLR}
}

@article{zadouri2023pushing,
  title={Pushing mixture of experts to the limit: Extremely parameter efficient moe for instruction tuning},
  author={Zadouri, Ted and {\"U}st{\"u}n, Ahmet and Ahmadian, Arash and Ermi{\c{s}}, Beyza and Locatelli, Acyr and Hooker, Sara},
  journal={arXiv preprint arXiv:2309.05444},
  year={2023}
}

@article{fedus2022switch,
  title={Switch transformers: Scaling to trillion parameter models with simple and efficient sparsity},
  author={Fedus, William and Zoph, Barret and Shazeer, Noam},
  journal={Journal of Machine Learning Research},
  volume={23},
  number={120},
  pages={1--39},
  year={2022}
}

@article{lepikhin2020gshard,
  title={Gshard: Scaling giant models with conditional computation and automatic sharding},
  author={Lepikhin, Dmitry and Lee, HyoukJoong and Xu, Yuanzhong and Chen, Dehao and Firat, Orhan and Huang, Yanping and Krikun, Maxim and Shazeer, Noam and Chen, Zhifeng},
  journal={arXiv preprint arXiv:2006.16668},
  year={2020}
}

@article{vaswani2017attention,
  title={Attention is all you need},
  author={Vaswani, A},
  journal={Advances in Neural Information Processing Systems},
  year={2017}
}

@inproceedings{boutalbi2022latent,
  title={Latent Block Regression Model},
  author={Boutalbi, Rafika and Labiod, Lazhar and Nadif, Mohamed},
  booktitle={Conference of the International Federation of Classification Societies},
  pages={73--81},
  year={2022},
  organization={Springer International Publishing Cham}
}

@article{zanghi2010clustering,
  title={Clustering based on random graph model embedding vertex features},
  author={Zanghi, Hugo and Volant, Stevenn and Ambroise, Christophe},
  journal={Pattern Recognition Letters},
  volume={31},
  number={9},
  pages={830--836},
  year={2010},
  publisher={Elsevier}
}

@article{tabouy2020variational,
  title={Variational inference for stochastic block models from sampled data},
  author={Tabouy, Timoth{\'e}e and Barbillon, Pierre and Chiquet, Julien},
  journal={Journal of the American Statistical Association},
  volume={115},
  number={529},
  pages={455--466},
  year={2020},
  publisher={Taylor \& Francis}
}


@article{keribin2010methodes,
  title={M{\'e}thodes bay{\'e}siennes variationnelles: concepts et applications en neuroimagerie},
  author={Keribin, Christine},
  journal={Journal de la Soci{\'e}t{\'e} Fran{\c{c}}aise de Statistique},
  volume={151},
  number={2},
  pages={107--131},
  year={2010}
}

@article{kass1996selection,
  title={The selection of prior distributions by formal rules},
  author={Kass, Robert E and Wasserman, Larry},
  journal={Journal of the American statistical Association},
  volume={91},
  number={435},
  pages={1343--1370},
  year={1996},
  publisher={Taylor \& Francis}
}

@phdthesis{brault2014estimation,
  title={Estimation et s{\'e}lection de mod{\`e}le pour le mod{\`e}le des blocs latents},
  author={Brault, Vincent},
  year={2014},
  school={Universit{\'e} Paris Sud-Paris XI}
}

@article{jeffreys1946invariant,
  title={An invariant form for the prior probability in estimation problems},
  author={Jeffreys, Harold},
  journal={Proceedings of the Royal Society of London. Series A. Mathematical and Physical Sciences},
  volume={186},
  number={1007},
  pages={453--461},
  year={1946},
  publisher={The Royal Society London}
}

@article{goffinet2020conditional,
  title={Conditional latent block model: a multivariate time series clustering approach for autonomous driving validation},
  author={Goffinet, Etienne and Coutant, Anthony and Lebbah, Mustapha and Azzag, Hanane and Giraldi, Lo{\"\i}c},
  journal={arXiv preprint arXiv:2008.00946},
  year={2020}
}

@article{mariadassou2015convergence,
  title={Convergence of the groups posterior distribution in latent or stochastic block models},
  author={Mariadassou, Mahendra and Matias, Catherine},
  year={2015}
}

@article{bickel2013asymptotic,
  title={Asymptotic normality of maximum likelihood and its variational approximation for stochastic blockmodels},
  author={Bickel, Peter and Choi, David and Chang, Xiangyu and Zhang, Hai},
  year={2013}
}

@article{mariadassou2020consistency,
  title={Consistency and asymptotic normality of stochastic block models estimators from sampled data},
  author={Mariadassou, Mahendra and Tabouy, Timoth{\'e}e},
  year={2020}
}

@article{brault2020consistency,
  title={Consistency and asymptotic normality of Latent Block Model estimators},
  author={Brault, Vincent and Keribin, Christine and Mariadassou, Mahendra},
  year={2020}
}

@article{matias2017statistical,
  title={Statistical clustering of temporal networks through a dynamic stochastic block model},
  author={Matias, Catherine and Miele, Vincent},
  journal={Journal of the Royal Statistical Society Series B: Statistical Methodology},
  volume={79},
  number={4},
  pages={1119--1141},
  year={2017},
  publisher={Oxford University Press}
}

@article{hoff2002latent,
  title={Latent space approaches to social network analysis},
  author={Hoff, Peter D and Raftery, Adrian E and Handcock, Mark S},
  journal={Journal of the american Statistical association},
  volume={97},
  number={460},
  pages={1090--1098},
  year={2002},
  publisher={Taylor \& Francis}
}

@article{peixoto2014hierarchical,
  title={Hierarchical block structures and high-resolution model selection in large networks},
  author={Peixoto, Tiago P},
  journal={Physical Review X},
  volume={4},
  number={1},
  pages={011047},
  year={2014},
  publisher={APS}
}

@article{karrer2011stochastic,
  title={Stochastic blockmodels and community structure in networks},
  author={Karrer, Brian and Newman, Mark EJ},
  journal={Physical Review E—Statistical, Nonlinear, and Soft Matter Physics},
  volume={83},
  number={1},
  pages={016107},
  year={2011},
  publisher={APS}
}

@article{xing2010state,
  title={A state-space mixed membership blockmodel for dynamic network tomography},
  author={Xing, Eric P and Fu, Wenjie and Song, Le},
  year={2010}
}

@article{fienberg2008mixed,
  title={Mixed Membership Stochastic Blockmodels},
  author={Fienberg, Stephen E and Xing, Eric P and Jaakkola, Tommi},
  year={2008}
}

@article{bickel2009nonparametric,
  title={A nonparametric view of network models and Newman--Girvan and other modularities},
  author={Bickel, Peter J and Chen, Aiyou},
  journal={Proceedings of the National Academy of Sciences},
  volume={106},
  number={50},
  pages={21068--21073},
  year={2009},
  publisher={National Acad Sciences}
}

@article{lee2019review,
  title={A review of stochastic block models and extensions for graph clustering},
  author={Lee, Clement and Wilkinson, Darren J},
  journal={Applied Network Science},
  volume={4},
  number={1},
  pages={1--50},
  year={2019},
  publisher={Springer}
}

@article{celisse2012consistency,
  title={Consistency of maximum-likelihood and variational estimators in the stochastic block model},
  author={Celisse, Alain and Daudin, Jean-Jacques and Pierre, Laurent},
  year={2012}
}

@inproceedings{pal2019scalable,
  title={Scalable MCMC in degree corrected stochastic block model},
  author={Pal, Soumyasundar and Coates, Mark},
  booktitle={ICASSP 2019-2019 IEEE International Conference on Acoustics, Speech and Signal Processing (ICASSP)},
  pages={5461--5465},
  year={2019},
  organization={IEEE}
}

@article{nowicki2001estimation,
  title={Estimation and prediction for stochastic blockstructures},
  author={Nowicki, Krzysztof and Snijders, Tom A B},
  journal={Journal of the American statistical association},
  volume={96},
  number={455},
  pages={1077--1087},
  year={2001},
  publisher={Taylor \& Francis}
}

@article{latouche2011overlapping,
  title={Overlapping stochastic block models with application to the french political blogosphere},
  author={Latouche, Pierre and Birmel{\'e}, Etienne and Ambroise, Christophe},
  year={2011}
}

@article{bernardo2003variational,
  title={The variational Bayesian EM algorithm for incomplete data: with application to scoring graphical model structures},
  author={Bernardo, JM and Bayarri, MJ and Berger, JO and Dawid, AP and Heckerman, D and Smith, AFM and West, M and others},
  journal={Bayesian statistics},
  volume={7},
  number={453-464},
  pages={210},
  year={2003}
}

@article{wainwright2008graphical,
  title={Graphical models, exponential families, and variational inference},
  author={Wainwright, Martin J and Jordan, Michael I and others},
  journal={Foundations and Trends{\textregistered} in Machine Learning},
  volume={1},
  number={1--2},
  pages={1--305},
  year={2008},
  publisher={Now Publishers, Inc.}
}

@article{bishop2006pattern,
  title={Pattern recognition and machine learning},
  author={Bishop, Christopher M},
  journal={Springer google schola},
  volume={2},
  pages={1122--1128},
  year={2006}
}

@article{hoffman2013stochastic,
  title={Stochastic variational inference},
  author={Hoffman, Matthew D and Blei, David M and Wang, Chong and Paisley, John},
  journal={Journal of Machine Learning Research},
  year={2013}
}

@article{jordan1999introduction,
  title={An introduction to variational methods for graphical models},
  author={Jordan, Michael I and Ghahramani, Zoubin and Jaakkola, Tommi S and Saul, Lawrence K},
  journal={Machine learning},
  volume={37},
  pages={183--233},
  year={1999},
  publisher={Springer}
}

@article{betancourt2013hamiltonian,
  title={Hamiltonian Monte Carlo for Hierarchical Models, arXiv},
  author={Betancourt, Michael J and Girolami, Mark},
  journal={arXiv preprint arXiv:1312.0906},
  volume={3},
  year={2013}
}

@article{duane1987hybrid,
  title={Hybrid monte carlo},
  author={Duane, Simon and Kennedy, Anthony D and Pendleton, Brian J and Roweth, Duncan},
  journal={Physics letters B},
  volume={195},
  number={2},
  pages={216--222},
  year={1987},
  publisher={Elsevier}
}

@article{betancourt2017conceptual,
  title={A conceptual introduction to Hamiltonian Monte Carlo},
  author={Betancourt, Michael},
  journal={arXiv preprint arXiv:1701.02434},
  year={2017}
}

@article{neal2012mcmc,
  title={MCMC using Hamiltonian dynamics},
  author={Neal, Radford M},
  journal={arXiv preprint arXiv:1206.1901},
  year={2012}
}

@article{tierney1994markov,
  title={Markov chains for exploring posterior distributions},
  author={Tierney, Luke},
  journal={the Annals of Statistics},
  pages={1701--1728},
  year={1994},
  publisher={JSTOR}
}

@article{garcia1996multivariate,
  title={On a multivariate implementation of the Gibbs sampler},
  author={Garc{\'\i}a-Cort{\'e}s, LA and Sorensen, Daniel},
  journal={Genetics Selection Evolution},
  volume={28},
  number={1},
  pages={121--126},
  year={1996},
  publisher={EDP Sciences}
}

@book{gelman1995bayesian,
  title={Bayesian data analysis},
  author={Gelman, Andrew and Carlin, John B and Stern, Hal S and Rubin, Donald B},
  year={1995},
  publisher={Chapman and Hall/CRC}
}

@article{casella1992explaining,
  title={Explaining the Gibbs sampler},
  author={Casella, George and George, Edward I},
  journal={The American Statistician},
  volume={46},
  number={3},
  pages={167--174},
  year={1992},
  publisher={Taylor \& Francis}
}

@article{geman1984stochastic,
  title={Stochastic relaxation, Gibbs distributions, and the Bayesian restoration of images},
  author={Geman, Stuart and Geman, Donald},
  journal={IEEE Transactions on pattern analysis and machine intelligence},
  number={6},
  pages={721--741},
  year={1984},
  publisher={IEEE}
}

@book{robert1999monte,
  title={Monte Carlo statistical methods},
  author={Robert, Christian P and Casella, George and Casella, George},
  volume={2},
  year={1999},
  publisher={Springer}
}

@book{brooks2011handbook,
  title={Handbook of markov chain monte carlo},
  author={Brooks, Steve and Gelman, Andrew and Jones, Galin and Meng, Xiao-Li},
  year={2011},
  publisher={CRC press}
}

@article{hastings1970monte,
  title={Monte Carlo sampling methods using Markov chains and their applications},
  author={Hastings, W Keith},
  year={1970},
  publisher={Oxford University Press}
}

@article{metropolis1953equation,
  title={Equation of state calculations by fast computing machines},
  author={Metropolis, Nicholas and Rosenbluth, Arianna W and Rosenbluth, Marshall N and Teller, Augusta H and Teller, Edward},
  journal={The journal of chemical physics},
  volume={21},
  number={6},
  pages={1087--1092},
  year={1953},
  publisher={American Institute of Physics}
}

@article{fox2012tutorial,
  title={A tutorial on variational Bayesian inference},
  author={Fox, Charles W and Roberts, Stephen J},
  journal={Artificial intelligence review},
  volume={38},
  pages={85--95},
  year={2012},
  publisher={Springer}
}

@article{blei2017variational,
  title={Variational inference: A review for statisticians},
  author={Blei, David M and Kucukelbir, Alp and McAuliffe, Jon D},
  journal={Journal of the American statistical Association},
  volume={112},
  number={518},
  pages={859--877},
  year={2017},
  publisher={Taylor \& Francis}
}

@book{gilks1995markov,
  title={Markov chain Monte Carlo in practice},
  author={Gilks, Walter R and Richardson, Sylvia and Spiegelhalter, David},
  year={1995},
  publisher={CRC press}
}

@article{dempster1977maximum,
  title={Maximum likelihood from incomplete data via the EM algorithm},
  author={Dempster, Arthur P and Laird, Nan M and Rubin, Donald B},
  journal={Journal of the royal statistical society: series B (methodological)},
  volume={39},
  number={1},
  pages={1--22},
  year={1977},
  publisher={Wiley Online Library}
}

@article{yuksel2012twenty,
  title={Twenty years of mixture of experts},
  author={Yuksel, Seniha Esen and Wilson, Joseph N and Gader, Paul D},
  journal={IEEE transactions on neural networks and learning systems},
  volume={23},
  number={8},
  pages={1177--1193},
  year={2012},
  publisher={IEEE}
}

@article{masoudnia2014mixture,
  title={Mixture of experts: a literature survey},
  author={Masoudnia, Saeed and Ebrahimpour, Reza},
  journal={Artificial Intelligence Review},
  volume={42},
  pages={275--293},
  year={2014},
  publisher={Springer}
}

@article{brault2015co,
  title={Co-clustering through latent bloc model: A review},
  author={Brault, Vincent and Mariadassou, Mahendra},
  journal={Journal de la Soci{\'e}t{\'e} Fran{\c{c}}aise de Statistique},
  volume={156},
  number={3},
  pages={120--139},
  year={2015}
}

@article{govaert2008block,
  title={Block clustering with Bernoulli mixture models: Comparison of different approaches},
  author={Govaert, G{\'e}rard and Nadif, Mohamed},
  journal={Computational Statistics \& Data Analysis},
  volume={52},
  number={6},
  pages={3233--3245},
  year={2008},
  publisher={Elsevier}
}

@inproceedings{keribin2017latent,
  title={The latent block model: a useful model for high dimensional data},
  author={Keribin, Christine and Celeux, Gilles and Robert, Val{\'e}rie},
  booktitle={ISI 2017-61st world statistics congress},
  pages={1--6},
  year={2017}
}

@book{mclachlan2000finite,
  title={Finite mixture models},
  author={McLachlan, Geoffrey J and Peel, David},
  volume={299},
  year={2000},
  publisher={John Wiley \& Sons}
}


@article{Rohe_2011,
   title={Spectral clustering and the high-dimensional stochastic blockmodel},
   volume={39},
   ISSN={0090-5364},
   url={http://dx.doi.org/10.1214/11-AOS887},
   DOI={10.1214/11-aos887},
   number={4},
   journal={The Annals of Statistics},
   publisher={Institute of Mathematical Statistics},
   author={Rohe, Karl and Chatterjee, Sourav and Yu, Bin},
   year={2011},
   month=aug }


@article{airoldi2008mixed,
  title={Mixed membership stochastic blockmodels},
  author={Airoldi, Edo M and Blei, David and Fienberg, Stephen and Xing, Eric},
  journal={Advances in neural information processing systems},
  volume={21},
  year={2008}
}

@article{leger2015clustering,
  title={Clustering methods differ in their ability to detect patterns in ecological networks},
  author={Leger, Jean-Benoist and Daudin, Jean-Jacques and Vacher, Corinne},
  journal={Methods in Ecology and Evolution},
  volume={6},
  number={4},
  pages={474--481},
  year={2015},
  publisher={Wiley Online Library}
}

@article{miele2017revealing,
  title={Revealing the hidden structure of dynamic ecological networks},
  author={Miele, Vincent and Matias, Catherine},
  journal={Royal Society open science},
  volume={4},
  number={6},
  pages={170251},
  year={2017},
  publisher={The Royal Society Publishing}
}

@article{bishop2013model,
  title={Model-based machine learning},
  author={Bishop, Christopher M},
  journal={Philosophical Transactions of the Royal Society A: Mathematical, Physical and Engineering Sciences},
  volume={371},
  number={1984},
  pages={20120222},
  year={2013},
  publisher={The Royal Society Publishing}
}

@article{lauriola2020enhancing,
  title={Enhancing deep neural networks via multiple kernel learning},
  author={Lauriola, Ivano and Gallicchio, Claudio and Aiolli, Fabio},
  journal={Pattern Recognition},
  volume={101},
  pages={107194},
  year={2020},
  publisher={Elsevier}
}

@article{wang2021bridging,
  title={Bridging deep and multiple kernel learning: A review},
  author={Wang, Tinghua and Zhang, Lin and Hu, Wenyu},
  journal={Information Fusion},
  volume={67},
  pages={3--13},
  year={2021},
  publisher={Elsevier}
}

@inproceedings{wang2024mlca,
  title={MLCA-AVSR: Multi-Layer Cross Attention Fusion Based Audio-Visual Speech Recognition},
  author={Wang, He and Guo, Pengcheng and Zhou, Pan and Xie, Lei},
  booktitle={ICASSP 2024-2024 IEEE International Conference on Acoustics, Speech and Signal Processing (ICASSP)},
  pages={8150--8154},
  year={2024},
  organization={IEEE}
}

@article{hinton1993autoencoders,
  title={Autoencoders, minimum description length and Helmholtz free energy},
  author={Hinton, Geoffrey E and Zemel, Richard},
  journal={Advances in neural information processing systems},
  volume={6},
  year={1993}
}

@misc{kingma2022autoencodingvariationalbayes,
      title={Auto-Encoding Variational Bayes}, 
      author={Diederik P Kingma and Max Welling},
      year={2022},
      eprint={1312.6114},
      archivePrefix={arXiv},
      primaryClass={stat.ML},
      url={https://arxiv.org/abs/1312.6114}, 
}

@article{stahlschmidt2022multimodal,
  title={Multimodal deep learning for biomedical data fusion: a review},
  author={Stahlschmidt, S{\"o}ren Richard and Ulfenborg, Benjamin and Synnergren, Jane},
  journal={Briefings in Bioinformatics},
  volume={23},
  number={2},
  pages={bbab569},
  year={2022},
  publisher={Oxford University Press}
}

@misc{guarrasi2024systematicreviewintermediatefusion,
      title={A Systematic Review of Intermediate Fusion in Multimodal Deep Learning for Biomedical Applications}, 
      author={Valerio Guarrasi and Fatih Aksu and Camillo Maria Caruso and Francesco Di Feola and Aurora Rofena and Filippo Ruffini and Paolo Soda},
      year={2024},
      eprint={2408.02686},
      archivePrefix={arXiv},
      primaryClass={cs.LG},
      url={https://arxiv.org/abs/2408.02686}, 
}

@article{cui2023deep,
  title={Deep multimodal fusion of image and non-image data in disease diagnosis and prognosis: a review},
  author={Cui, Can and Yang, Haichun and Wang, Yaohong and Zhao, Shilin and Asad, Zuhayr and Coburn, Lori A and Wilson, Keith T and Landman, Bennett A and Huo, Yuankai},
  journal={Progress in Biomedical Engineering},
  volume={5},
  number={2},
  pages={022001},
  year={2023},
  publisher={IOP Publishing}
}

@article{moshawrab2023reviewing,
  title={Reviewing multimodal machine learning and its use in cardiovascular diseases detection},
  author={Moshawrab, Mohammad and Adda, Mehdi and Bouzouane, Abdenour and Ibrahim, Hussein and Raad, Ali},
  journal={Electronics},
  volume={12},
  number={7},
  pages={1558},
  year={2023},
  publisher={MDPI}
}

@article{liu2023attention,
  title={Attention-based multimodal fusion with contrast for robust clinical prediction in the face of missing modalities},
  author={Liu, Jinghui and Capurro, Daniel and Nguyen, Anthony and Verspoor, Karin},
  journal={Journal of Biomedical Informatics},
  volume={145},
  pages={104466},
  year={2023},
  publisher={Elsevier}
}

@article{kline2022multimodal,
  title={Multimodal machine learning in precision health: A scoping review},
  author={Kline, Adrienne and Wang, Hanyin and Li, Yikuan and Dennis, Saya and Hutch, Meghan and Xu, Zhenxing and Wang, Fei and Cheng, Feixiong and Luo, Yuan},
  journal={npj Digital Medicine},
  volume={5},
  number={1},
  pages={171},
  year={2022},
  publisher={Nature Publishing Group UK London}
}

@article{liang2022foundations,
  title={Foundations and Trends in Multimodal Machine Learning: Principles, Challenges, and Open Questions},
  author={Liang, Paul Pu and Zadeh, Amir and Morency, Louis-Philippe},
  journal={arXiv preprint arXiv:2209.03430},
  year={2022}
}

@article{pawlowski2023effective,
  title={Effective techniques for multimodal data fusion: A comparative analysis},
  author={Paw{\l}owski, Maciej and Wr{\'o}blewska, Anna and Sysko-Roma{\'n}czuk, Sylwia},
  journal={Sensors},
  volume={23},
  number={5},
  pages={2381},
  year={2023},
  publisher={MDPI}
}

@incollection{gormley2019mixture,
  title={Mixture of experts models},
  author={Gormley, Isobel Claire and Fr{\"u}hwirth-Schnatter, Sylvia},
  booktitle={Handbook of mixture analysis},
  pages={271--307},
  year={2019},
  publisher={Chapman and Hall/CRC}
}

@article{audebert2018beyond,
  title={Beyond RGB: Very high resolution urban remote sensing with multimodal deep networks},
  author={Audebert, Nicolas and Le Saux, Bertrand and Lef{\`e}vre, S{\'e}bastien},
  journal={ISPRS journal of photogrammetry and remote sensing},
  volume={140},
  pages={20--32},
  year={2018},
  publisher={Elsevier}
}

@inproceedings{ngiam2011multimodal,
  title={Multimodal deep learning},
  author={Ngiam, Jiquan and Khosla, Aditya and Kim, Mingyu and Nam, Juhan and Lee, Honglak and Ng, Andrew Y},
  booktitle={Proceedings of the 28th international conference on machine learning (ICML-11)},
  pages={689--696},
  year={2011}
}

@inproceedings{zhu2017unpaired,
  title={Unpaired image-to-image translation using cycle-consistent adversarial networks},
  author={Zhu, Jun-Yan and Park, Taesung and Isola, Phillip and Efros, Alexei A},
  booktitle={Proceedings of the IEEE international conference on computer vision},
  pages={2223--2232},
  year={2017}
}

@article{khan2024mser,
  title={MSER: Multimodal speech emotion recognition using cross-attention with deep fusion},
  author={Khan, Mustaqeem and Gueaieb, Wail and El Saddik, Abdulmotaleb and Kwon, Soonil},
  journal={Expert Systems with Applications},
  volume={245},
  pages={122946},
  year={2024},
  publisher={Elsevier}
}

@article{song2023attention,
  title={Attention-enhanced multimodal learning for conceptual design evaluations},
  author={Song, Binyang and Miller, Scarlett and Ahmed, Faez},
  journal={Journal of Mechanical Design},
  volume={145},
  number={4},
  pages={041410},
  year={2023},
  publisher={American Society of Mechanical Engineers}
}

@inproceedings{huang2018learning,
  title={Learning joint multimodal representation with adversarial attention networks},
  author={Huang, Feiran and Zhang, Xiaoming and Li, Zhoujun},
  booktitle={Proceedings of the 26th ACM international conference on Multimedia},
  pages={1874--1882},
  year={2018}
}

@article{mariette2018unsupervised,
  title={Unsupervised multiple kernel learning for heterogeneous data integration},
  author={Mariette, J{\'e}r{\^o}me and Villa-Vialaneix, Nathalie},
  journal={Bioinformatics},
  volume={34},
  number={6},
  pages={1009--1015},
  year={2018},
  publisher={Oxford University Press}
}

@article{calaon2024integration,
  title={Integration of multimodal data and explainable artificial intelligence for root cause analysis in manufacturing processes},
  author={Calaon, Matteo and Chen, Tingting and Tosello, Guido},
  journal={CIRP Annals},
  year={2024},
  publisher={Elsevier}
}

@article{xu2022diagonal,
  title={Diagonal integration of multimodal single-cell data: potential pitfalls and paths forward},
  author={Xu, Yang and McCord, Rachel Patton},
  journal={Nature Communications},
  volume={13},
  number={1},
  pages={3505},
  year={2022},
  publisher={Nature Publishing Group UK London}
}

@article{athaya2023multimodal,
  title={Multimodal deep learning approaches for single-cell multi-omics data integration},
  author={Athaya, Tasbiraha and Ripan, Rony Chowdhury and Li, Xiaoman and Hu, Haiyan},
  journal={Briefings in Bioinformatics},
  volume={24},
  number={5},
  pages={bbad313},
  year={2023},
  publisher={Oxford University Press}
}


@article{chen2024integration,
  title={Integration of spatial and single-cell data across modalities with weakly linked features},
  author={Chen, Shuxiao and Zhu, Bokai and Huang, Sijia and Hickey, John W and Lin, Kevin Z and Snyder, Michael and Greenleaf, William J and Nolan, Garry P and Zhang, Nancy R and Ma, Zongming},
  journal={Nature Biotechnology},
  volume={42},
  number={7},
  pages={1096--1106},
  year={2024},
  publisher={Nature Publishing Group US New York}
}

%%%%%%%%%%%%

@article{shen2010meta,
  title={Meta-analysis for pathway enrichment analysis when combining multiple genomic studies},
  author={Shen, Kui and Tseng, George C},
  journal={Bioinformatics},
  volume={26},
  number={10},
  pages={1316--1323},
  year={2010},
  publisher={Oxford University Press}
}

@article{subramanian2020multi,
  title={Multi-omics data integration, interpretation, and its application},
  author={Subramanian, Indhupriya and Verma, Srikant and Kumar, Shiva and Jere, Abhay and Anamika, Krishanpal},
  journal={Bioinformatics and biology insights},
  volume={14},
  pages={1177932219899051},
  year={2020},
  publisher={SAGE Publications Sage UK: London, England}
}

@article{tseng2012comprehensive,
  title={Comprehensive literature review and statistical considerations for microarray meta-analysis},
  author={Tseng, George C and Ghosh, Debashis and Feingold, Eleanor},
  journal={Nucleic acids research},
  volume={40},
  number={9},
  pages={3785--3799},
  year={2012},
  publisher={Oxford University Press}
}



@article{franke2010genome,
  title={Genome-wide meta-analysis increases to 71 the number of confirmed Crohn's disease susceptibility loci},
  author={Franke, Andre and McGovern, Dermot PB and Barrett, Jeffrey C and Wang, Kai and Radford-Smith, Graham L and Ahmad, Tariq and Lees, Charlie W and Balschun, Tobias and Lee, James and Roberts, Rebecca and others},
  journal={Nature genetics},
  volume={42},
  number={12},
  pages={1118--1125},
  year={2010},
  publisher={Nature Publishing Group US New York}
}

@article{tzenios2024impact,
  title={The impact of BMI on breast cancer--an updated systematic review and meta-analysis},
  author={Tzenios, Nikolaos and Tazanios, Mary E and Chahine, Mohamed},
  journal={Medicine},
  volume={103},
  number={5},
  pages={e36831},
  year={2024},
  publisher={LWW}
}

@article{gurevitch2018meta,
  title={Meta-analysis and the science of research synthesis},
  author={Gurevitch, Jessica and Koricheva, Julia and Nakagawa, Shinichi and Stewart, Gavin},
  journal={Nature},
  volume={555},
  number={7695},
  pages={175--182},
  year={2018},
  publisher={Nature Publishing Group UK London}
}

@book{borenstein2021introduction,
  title={Introduction to meta-analysis},
  author={Borenstein, Michael and Hedges, Larry V and Higgins, Julian PT and Rothstein, Hannah R},
  year={2021},
  publisher={John Wiley \& Sons}
}

@article{cantini2021benchmarking,
  title={Benchmarking joint multi-omics dimensionality reduction approaches for the study of cancer},
  author={Cantini, Laura and Zakeri, Pooya and Hernandez, Celine and Naldi, Aurelien and Thieffry, Denis and Remy, Elisabeth and Baudot, Ana{\"\i}s},
  journal={Nature communications},
  volume={12},
  number={1},
  pages={124},
  year={2021},
  publisher={Nature Publishing Group UK London}
}

@article{wu2021vertical,
  title={Vertical integration methods for gene expression data analysis},
  author={Wu, Mengyun and Yi, Huangdi and Ma, Shuangge},
  journal={Briefings in Bioinformatics},
  volume={22},
  number={3},
  pages={bbaa169},
  year={2021},
  publisher={Oxford University Press}
}

@article{mihaylov2019novel,
  title={A novel framework for horizontal and vertical data integration in cancer studies with application to survival time prediction models},
  author={Mihaylov, Iliyan and Ka{\'n}du{\l}a, Maciej and Krachunov, Milko and Vassilev, Dimitar},
  journal={Biology direct},
  volume={14},
  pages={1--17},
  year={2019},
  publisher={Springer}
}

@article{saria2015subtyping,
  title={Subtyping: What it is and its role in precision medicine},
  author={Saria, Suchi and Goldenberg, Anna},
  journal={IEEE Intelligent Systems},
  volume={30},
  number={4},
  pages={70--75},
  year={2015},
  publisher={IEEE}
}

@phdthesis{briere2022developpements,
  title={D{\'e}veloppements m{\'e}thodologiques pour l'int{\'e}gration de donn{\'e}es omiques: applications {\`a} l'oncologie et aux neurosciences},
  author={Briere, Galadriel},
  year={2022},
  school={Bordeaux}
}

@article{boehm2022multimodal,
  title={Multimodal data integration using machine learning improves risk stratification of high-grade serous ovarian cancer},
  author={Boehm, Kevin M and Aherne, Emily A and Ellenson, Lora and Nikolovski, Ines and Alghamdi, Mohammed and V{\'a}zquez-Garc{\'\i}a, Ignacio and Zamarin, Dmitriy and Long Roche, Kara and Liu, Ying and Patel, Druv and others},
  journal={Nature cancer},
  volume={3},
  number={6},
  pages={723--733},
  year={2022},
  publisher={Nature Publishing Group US New York}
}

@article{el2010therapie,
  title={Th{\'e}rapie cellulaire dans l’oreille interne-Nouveaux d{\'e}veloppements et perspectives},
  author={El-Amraoui, Aziz and Petit, Christine},
  journal={m{\'e}decine/sciences},
  volume={26},
  number={11},
  pages={981--985},
  year={2010},
  publisher={{\'E}ditions EDK, Groupe EDP Sciences}
}

@article{lachaux2024long,
  title={Long-term hearing loss after acute acoustic trauma in the French military: a retrospective study},
  author={Lachaux, Jordan and Gi{\'e}r{\'e}, Pierre Alexandre and Vuillemin, Quentin and Coll{\'e}ony, Thomas and Crambert, Anna and Siegrist, Sophie and Parietti-Winkler, C{\'e}cile and Schwartzbrod, Pierre-{\'E}ric and And{\'e}ol, Guillaume},
  journal={Military medicine},
  volume={189},
  number={3-4},
  pages={e698--e704},
  year={2024},
  publisher={Oxford University Press US}
}

@mastersthesis{billot:hal-01732723,
  TITLE = {{R{\'e}sultats de la prise en charge des traumatismes sonores aigus : {\`a} propos de 225 patients}},
  AUTHOR = {Billot, Damien},
  URL = {https://hal.univ-lorraine.fr/hal-01732723},
  PAGES = {non renseign{\'e}},
  SCHOOL = {{UHP - Universit{\'e} Henri Poincar{\'e}}},
  YEAR = {2010},
  MONTH = Sep,
  KEYWORDS = {Non disponible / Not available ; Th{\`e}se d'exercice de m{\'e}decine ; M{\'e}decine militaire ; Surdit{\'e} due au bruit ; Traumatisme acoustique},
  PDF = {https://hal.univ-lorraine.fr/hal-01732723/file/SCDMED_T_2010_BILLOT_DAMIEN.pdf},
  HAL_ID = {hal-01732723},
  HAL_VERSION = {v1},
}

@article{biffi2010genetic,
  title={Genetic variation and neuroimaging measures in Alzheimer disease},
  author={Biffi, Alessandro and Anderson, Christopher D and Desikan, Rahul S and Sabuncu, Mert and Cortellini, Lynelle and Schmansky, Nick and Salat, David and Rosand, Jonathan and Alzheimer's Disease Neuroimaging Initiative (ADNI and others},
  journal={Archives of neurology},
  volume={67},
  number={6},
  pages={677--685},
  year={2010},
  publisher={American Medical Association}
}

@article{zhou2019latent,
  title={Latent representation learning for Alzheimer’s disease diagnosis with incomplete multi-modality neuroimaging and genetic data},
  author={Zhou, Tao and Liu, Mingxia and Thung, Kim-Han and Shen, Dinggang},
  journal={IEEE transactions on medical imaging},
  volume={38},
  number={10},
  pages={2411--2422},
  year={2019},
  publisher={IEEE}
}

@article{shivahare2024delving,
  title={Delving into Machine Learning's Influence on Disease Diagnosis and Prediction},
  author={Shivahare, Basu Dev and Singh, Jagendra and Ravi, Vinayakumar and Chandan, Radha Raman and Alahmadi, Tahani Jaser and Singh, Prabhishek and Diwakar, Manoj},
  journal={The Open Public Health Journal},
  volume={17},
  number={1},
  year={2024}
}

@article{boehm2022harnessing,
  title={Harnessing multimodal data integration to advance precision oncology},
  author={Boehm, Kevin M and Khosravi, Pegah and Vanguri, Rami and Gao, Jianjiong and Shah, Sohrab P},
  journal={Nature Reviews Cancer},
  volume={22},
  number={2},
  pages={114--126},
  year={2022},
  publisher={Nature Publishing Group UK London}
}

@article{phillips2022intelligence,
  title={L’intelligence artificielle et les algorithmes pr{\'e}dictifs en m{\'e}decine: Promesses et probl{\`e}mes},
  author={Phillips, Susan P and Spithoff, Sheryl and Simpson, Amber},
  journal={Canadian Family Physician},
  volume={68},
  number={8},
  pages={e230--e233},
  year={2022},
  publisher={The College of Family Physicians of Canada}
}

@article{pezza2022meta,
  title={Meta-analysis of lung ultrasound scores for early prediction of bronchopulmonary dysplasia},
  author={Pezza, Lucilla and Alonso-Ojembarrena, Almudena and Elsayed, Yasser and Yousef, Nadya and Vedovelli, Luca and Raimondi, Francesco and De Luca, Daniele},
  journal={Annals of the American Thoracic Society},
  volume={19},
  number={4},
  pages={659--667},
  year={2022},
  publisher={American Thoracic Society}
}

@article{acosta2022multimodal,
  title={Multimodal biomedical AI},
  author={Acosta, Juli{\'a}n N and Falcone, Guido J and Rajpurkar, Pranav and Topol, Eric J},
  journal={Nature Medicine},
  volume={28},
  number={9},
  pages={1773--1784},
  year={2022},
  publisher={Nature Publishing Group US New York}
}

@article{bertsimas2024m3h,
  title={M3H: Multimodal Multitask Machine Learning for Healthcare},
  author={Bertsimas, Dimitris and Ma, Yu},
  journal={arXiv preprint arXiv:2404.18975},
  year={2024}
}

@article{tobin2024co,
  title={Co-Clustering Multi-View Data Using the Latent Block Model},
  author={Tobin, Joshua and Black, Michaela and Ng, James and Rankin, Debbie and Wallace, Jonathan and Hughes, Catherine and Hoey, Leane and Moore, Adrian and Wang, Jinling and Horigan, Geraldine and others},
  journal={arXiv preprint arXiv:2401.04693},
  year={2024}
}

@article{yildirim2012bayesian,
  title={Bayesian inference: Gibbs sampling},
  author={Yildirim, Ilker},
  journal={Technical Note, University of Rochester},
  year={2012}
}

@article{gelfand1990illustration,
  title={Illustration of Bayesian inference in normal data models using Gibbs sampling},
  author={Gelfand, Alan E and Hills, Susan E and Racine-Poon, Amy and Smith, Adrian FM},
  journal={Journal of the American Statistical Association},
  volume={85},
  number={412},
  pages={972--985},
  year={1990},
  publisher={Taylor \& Francis}
}

@inproceedings{keribin2010estimation,
  title={Estimation d'un mod{\`e}le {\`a} blocs latents par l'algorithme SEM},
  author={Keribin, Christine and Govaert, G{\'e}rard and Celeux, Gilles},
  booktitle={42{\`e}mes Journ{\'e}es de Statistique},
  year={2010}
}

@article{jacobs1991adaptive,
  title={Adaptive mixtures of local experts},
  author={Jacobs, Robert A and Jordan, Michael I and Nowlan, Steven J and Hinton, Geoffrey E},
  journal={Neural computation},
  volume={3},
  number={1},
  pages={79--87},
  year={1991},
  publisher={MIT Press}
}

@article{govaert2010latent,
  title={Latent block model for contingency table},
  author={Govaert, G{\'e}rard and Nadif, Mohamed},
  journal={Communications in Statistics—Theory and Methods},
  volume={39},
  number={3},
  pages={416--425},
  year={2010},
  publisher={Taylor \& Francis}
}

@article{holland1983stochastic,
  title={Stochastic blockmodels: First steps},
  author={Holland, Paul W and Laskey, Kathryn Blackmond and Leinhardt, Samuel},
  journal={Social networks},
  volume={5},
  number={2},
  pages={109--137},
  year={1983},
  publisher={Elsevier}
}

@article{boutalbi2020tensor,
  title={Tensor latent block model for co-clustering},
  author={Boutalbi, Rafika and Labiod, Lazhar and Nadif, Mohamed},
  journal={International Journal of Data Science and Analytics},
  volume={10},
  number={2},
  pages={161--175},
  year={2020},
  publisher={Springer}
}

@article{elhamifar2013sparse,
  title={Sparse subspace clustering: Algorithm, theory, and applications},
  author={Elhamifar, Ehsan and Vidal, Ren{\'e}},
  journal={IEEE transactions on pattern analysis and machine intelligence},
  volume={35},
  number={11},
  pages={2765--2781},
  year={2013},
  publisher={IEEE}
}
@article{von2007tutorial,
  title={A tutorial on spectral clustering},
  author={Von Luxburg, Ulrike},
  journal={Statistics and computing},
  volume={17},
  pages={395--416},
  year={2007},
  publisher={Springer}
}

@article{von2008consistency,
  title={Consistency of spectral clustering},
  author={Von Luxburg, Ulrike and Belkin, Mikhail and Bousquet, Olivier},
  journal={The Annals of Statistics},
  pages={555--586},
  year={2008},
  publisher={JSTOR}
}

@article{huang2022spectral,
  title={Spectral clustering via adaptive layer aggregation for multi-layer networks},
  author={Huang, Sihan and Weng, Haolei and Feng, Yang},
  journal={Journal of Computational and Graphical Statistics},
  pages={1--15},
  year={2022},
  publisher={Taylor \& Francis}
}
@article{paul2020spectal,
author = {Subhadeep Paul and Yuguo Chen},
title = {Spectral and matrix factorization methods for consistent community detection in multi-layer networks},
volume = {48},
journal = {The Annals of Statistics},
number = {1},
publisher = {Institute of Mathematical Statistics},
pages = {230 -- 250},
year = {2020},
doi = {10.1214/18-AOS1800},
}


@article{chen2017multilayer,
  title={Multilayer spectral graph clustering via convex layer aggregation: Theory and algorithms},
  author={Chen, Pin-Yu and Hero, Alfred O},
  journal={IEEE Transactions on Signal and Information Processing over Networks},
  volume={3},
  number={3},
  pages={553--567},
  year={2017},
  publisher={IEEE}
}

@inproceedings{mercado2018power,
  title={The power mean Laplacian for multilayer graph clustering},
  author={Mercado, Pedro and Gautier, Antoine and Tudisco, Francesco and Hein, Matthias},
  booktitle={International Conference on Artificial Intelligence and Statistics},
  pages={1828--1838},
  year={2018},
  organization={PMLR}
}

@article{valles2016multilayer,
  title={Multilayer stochastic block models reveal the multilayer structure of complex networks},
  author={Valles-Catala, Toni and Massucci, Francesco A and Guimera, Roger and Sales-Pardo, Marta},
  journal={Physical Review X},
  volume={6},
  number={1},
  pages={011036},
  year={2016},
  publisher={APS}
}

@inproceedings{han2015consistent,
  title={Consistent estimation of dynamic and multi-layer block models},
  author={Han, Qiuyi and Xu, Kevin and Airoldi, Edoardo},
  booktitle={International Conference on Machine Learning},
  pages={1511--1520},
  year={2015},
  organization={PMLR}
}


@article{subhadeep2016consistent,
author = {Subhadeep Paul and Yuguo Chen},
title = {Consistent community detection in multi-relational data through restricted multi-layer stochastic blockmodel},
volume = {10},
journal = {Electronic Journal of Statistics},
number = {2},
publisher = {Institute of Mathematical Statistics and Bernoulli Society},
pages = {3807 -- 3870},
year = {2016}
}


@article{barbillon2017stochastic,
  title={Stochastic block models for multiplex networks: an application to a multilevel network of researchers},
  author={Barbillon, Pierre and Donnet, Sophie and Lazega, Emmanuel and Bar-Hen, Avner},
  journal={Journal of the Royal Statistical Society Series A: Statistics in Society},
  volume={180},
  number={1},
  pages={295--314},
  year={2017},
  publisher={Oxford University Press}
}

@article{daudin2008mixture,
  title={A mixture model for random graphs},
  author={Daudin, J-J and Picard, Franck and Robin, St{\'e}phane},
  journal={Statistics and computing},
  volume={18},
  number={2},
  pages={173--183},
  year={2008},
  publisher={Springer}
}

@article{golalipour2021clustering,
  title={From clustering to clustering ensemble selection: A review},
  author={Golalipour, Keyvan and Akbari, Ebrahim and Hamidi, Seyed Saeed and Lee, Malrey and Enayatifar, Rasul},
  journal={Engineering Applications of Artificial Intelligence},
  volume={104},
  pages={104388},
  year={2021},
  publisher={Elsevier}
}

@article{keribin2015estimation,
  title={Estimation and selection for the latent block model on categorical data},
  author={Keribin, Christine and Brault, Vincent and Celeux, Gilles and Govaert, G{\'e}rard},
  journal={Statistics and Computing},
  volume={25},
  number={6},
  pages={1201--1216},
  year={2015},
  publisher={Springer}
}

@article{fred2005combining,
  title={Combining multiple clusterings using evidence accumulation},
  author={Fred, Ana LN and Jain, Anil K},
  journal={IEEE transactions on pattern analysis and machine intelligence},
  volume={27},
  number={6},
  pages={835--850},
  year={2005},
  publisher={IEEE}
}
@article{boutalbi2021implicit,
  title={Implicit consensus clustering from multiple graphs},
  author={Boutalbi, Rafika and Labiod, Lazhar and Nadif, Mohamed},
  journal={Data Mining and Knowledge Discovery},
  volume={35},
  pages={2313--2340},
  year={2021},
  publisher={Springer}
}


@article{cornuejols2018collaborative,
  title={Collaborative clustering: Why, when, what and how},
  author={Cornu{\'e}jols, Antoine and Wemmert, C{\'e}dric and Gan{\c{c}}arski, Pierre and Bennani, Youn{\`e}s},
  journal={Information Fusion},
  volume={39},
  pages={81--95},
  year={2018},
  publisher={Elsevier}
}
@article{baltruvsaitis2018multimodal,
  title={Multimodal machine learning: A survey and taxonomy},
  author={Baltru{\v{s}}aitis, T. and Ahuja, C. and Morency, L.-P.},
  journal={IEEE Transactions on Pattern Analysis and Machine Intelligence},
  volume={41},
  number={2},
  pages={423--443},
  year={2018},
  publisher={IEEE}
}

@article{zhao2017multi,
  title={Multi-view learning overview: Recent progress and new challenges},
  author={Zhao, J. and Xie, X. and Xu, X. and Sun, S.},
  journal={Information Fusion},
  volume={38},
  pages={43--54},
  year={2017},
  publisher={Elsevier}
}
  
author={Stanley, Natalie and Shai, Saray and Taylor, Dane and Mucha, Peter J},
article{stanley2016clustering,
  title={Clustering network layers with the strata multilayer stochastic block model},
  author={Stanley, N. and Shai, S. and Taylor, D. and Mucha, P. J.},
  journal={IEEE Transactions on Network Science and Engineering},
  volume={3},
  number={2},
  pages={95--105},
  year={2016},
  publisher={Ieee}
}

@misc{rebafka2023modelbased,
      title={Model-based clustering of multiple networks with a hierarchical algorithm}, 
      author={Tabea Rebafka},
      year={2023},
      eprint={2211.02314},
      archivePrefix={arXiv},
      primaryClass={math.ST}
}

@article{montiConsensusClusteringResamplingBaseda,
  title={Consensus clustering: a resampling-based method for class discovery and visualization of gene expression microarray data},
  author={Monti, S. and Tamayo, P. and Mesirov, J. and Golub, T.},
  journal={Machine Learning},
  volume={52},
  pages={91--118},
  year={2003},
  publisher={Springer}
}


@article{jingCommunityDetectionMixture2020a,
  title={Community detection on mixture multilayer networks via regularized tensor decomposition},
  author={Jing, B.-Y. and Li, T. and Lyu, Z. and Xia, D.},
  journal={The Annals of Statistics},
  volume={49},
  number={6},
  pages={3181--3205},
  year={2021},
  publisher={Institute of Mathematical Statistics}
}

@article{latoucheVariationalBayesianInference2010,
  title={Variational Bayesian inference and complexity control for stochastic block models},
  author={Latouche, P. and Birmele, \'E. and Ambroise, C.},
  journal={Statistical Modelling},
  volume={12},
  number={1},
  pages={93--115},
  year={2012},
  publisher={Sage Publications Sage India: New Delhi, India}
}
	

@article{ektefaie2023multimodal,
  title={Multimodal learning with graphs},
  author={Ektefaie, Yasha and Dasoulas, George and Noori, Ayush and Farhat, Maha and Zitnik, Marinka},
  journal={Nature Machine Intelligence},
  volume={5},
  number={4},
  pages={340--350},
  year={2023},
  publisher={Nature Publishing Group UK London}
}

@article{fan2022alma,
  title={ALMA: alternating minimization algorithm for clustering mixture multilayer network},
  author={Fan, Xing and Pensky, Marianna and Yu, Feng and Zhang, Teng},
  journal={The Journal of Machine Learning Research},
  volume={23},
  number={1},
  pages={14855--14900},
  year={2022},
  publisher={JMLRORG}
}

@inproceedings{li2015large,
  title={Large-scale multi-view spectral clustering via bipartite graph},
  author={Li, Yeqing and Nie, Feiping and Huang, Heng and Huang, Junzhou},
  booktitle={Proceedings of the AAAI conference on artificial intelligence},
  volume={29},
  year={2015}
}

@article{liu2018multi,
  title={Multi-modal joint clustering with application for unsupervised attribute discovery},
  author={Liu, Liangchen and Nie, Feiping and Wiliem, Arnold and Li, Zhihui and Zhang, Teng and Lovell, Brian C},
  journal={IEEE Transactions on Image Processing},
  volume={27},
  number={9},
  pages={4345--4356},
  year={2018},
  publisher={IEEE}
}

@article{wang2019multiway,
  title={Multiway clustering via tensor block models},
  author={Wang, Miaoyan and Zeng, Yuchen},
  journal={Advances in neural information processing systems},
  volume={32},
  year={2019}
}


@article{han2022exact,
  title={Exact clustering in tensor block model: Statistical optimality and computational limit},
  author={Han, Rungang and Luo, Yuetian and Wang, Miaoyan and Zhang, Anru R},
  journal={Journal of the Royal Statistical Society Series B: Statistical Methodology},
  volume={84},
  number={5},
  pages={1666--1698},
  year={2022},
  publisher={Oxford University Press}
}


@article{noroozi2022sparse,
  title={Sparse Subspace Clustering in Diverse Multiplex Network Model},
  author={Noroozi, Majid and Pensky, Marianna},
  journal={arXiv preprint arXiv:2206.07602},
  year={2022}
}

@article{biernacki2010exact,
  title={Exact and Monte Carlo calculations of integrated likelihoods for the latent class model},
  author={Biernacki, Christophe and Celeux, Gilles and Govaert, G{\'e}rard},
  journal={Journal of Statistical Planning and Inference},
  volume={140},
  number={11},
  pages={2991--3002},
  year={2010},
  publisher={Elsevier}
}

@article{biernacki2000assessing,
  title={Assessing a mixture model for clustering with the integrated completed likelihood},
  author={Biernacki, Christophe and Celeux, Gilles and Govaert, G{\'e}rard},
  journal={IEEE transactions on pattern analysis and machine intelligence},
  volume={22},
  number={7},
  pages={719--725},
  year={2000},
  publisher={IEEE}
}

@article{pensky2021clustering,
  title={Clustering of diverse multiplex networks},
  author={Pensky, Marianna and Wang, Yaxuan},
  journal={arXiv preprint arXiv:2110.05308},
  year={2021}
}

@article{stanley2016clustering,
  title={Clustering network layers with the strata multilayer stochastic block model},
  author={Stanley, Natalie and Shai, Saray and Taylor, Dane and Mucha, Peter J},
  journal={IEEE transactions on network science and engineering},
  volume={3},
  number={2},
  pages={95--105},
  year={2016},
  publisher={Ieee}
}

@article{baudry2015mixtures,
  title={EM for mixtures: Initialization requires special care},
  author={Baudry, Jean-Patrick and Celeux, Gilles},
  journal={Statistics and computing},
  volume={25},
  pages={713--726},
  year={2015},
  publisher={Springer}
}

@incollection{akaike1998information,
  title={Information theory and an extension of the maximum likelihood principle},
  author={Akaike, Hirotogu},
  booktitle={Selected papers of hirotugu akaike},
  pages={199--213},
  year={1998},
  publisher={Springer}
}

@article{schwarz1978estimating,
  title={Estimating the dimension of a model},
  author={Schwarz, Gideon},
  journal={The annals of statistics},
  pages={461--464},
  year={1978},
  publisher={JSTOR}
}

@article{come2015model,
  title={Model selection and clustering in stochastic block models based on the exact integrated complete data likelihood},
  author={C{\^o}me, Etienne and Latouche, Pierre},
  journal={Statistical Modelling},
  volume={15},
  number={6},
  pages={564--589},
  year={2015},
  publisher={SAGE Publications Sage India: New Delhi, India}
}

@article{hubert1985comparing,
  title={Comparing partitions},
  author={Hubert, Lawrence and Arabie, Phipps},
  journal={Journal of classification},
  volume={2},
  pages={193--218},
  year={1985},
  publisher={Springer}
}

@article{celeux1992classification,
  title={A classification EM algorithm for clustering and two stochastic versions},
  author={Celeux, Gilles and Govaert, G{\'e}rard},
  journal={Computational statistics \& Data analysis},
  volume={14},
  number={3},
  pages={315--332},
  year={1992},
  publisher={Elsevier}
}

@article{de2015structural,
  title={Structural reducibility of multilayer networks},
  author={De Domenico, Manlio and Nicosia, Vincenzo and Arenas, Alexandre and Latora, Vito},
  journal={Nature communications},
  volume={6},
  number={1},
  pages={6864},
  year={2015},
  publisher={Nature Publishing Group UK London}
}

@article{attias1999variational,
  title={A variational baysian framework for graphical models},
  author={Attias, Hagai},
  journal={Advances in neural information processing systems},
  volume={12},
  year={1999}
}